<?xml version="1.0" encoding="UTF-8"?><collection><record><leader>05338ntm a2200601 a 4500</leader><controlfield tag="001">006822415</controlfield><controlfield tag="003">MiAaHDL</controlfield><controlfield tag="005">20190719000000.0</controlfield><controlfield tag="006">m        d        </controlfield><controlfield tag="007">cr bn ---auaua</controlfield><controlfield tag="008">090624q15701599xx            00| ||ota d</controlfield><datafield tag="035" ind1=" " ind2=" "><subfield code="a">(MiU)006822415</subfield></datafield><datafield tag="035" ind1=" " ind2=" "><subfield code="a">sdr-miu006822415</subfield></datafield><datafield tag="040" ind1=" " ind2=" "><subfield code="a">MiU</subfield><subfield code="c">MiU</subfield><subfield code="e">amremm</subfield></datafield><datafield tag="041" ind1="0" ind2=" "><subfield code="a">ota</subfield></datafield><datafield tag="043" ind1=" " ind2=" "><subfield code="a">n-us-mi</subfield></datafield><datafield tag="100" ind1="0" ind2=" "><subfield code="6">880-01</subfield><subfield code="a">Hüseyin Celâl Bey,</subfield><subfield code="c">Celâlî,</subfield><subfield code="d">d. 1571.</subfield></datafield><datafield tag="245" ind1="1" ind2="0"><subfield code="6">880-03</subfield><subfield code="a">Divan-ı Celâlî,</subfield><subfield code="f">[late 16th century?].</subfield></datafield><datafield tag="246" ind1="3" ind2=" "><subfield code="i">Title from inscription on 'title page' (p.3):</subfield><subfield code="a">كتاب حسين يوسف جلالي فرمايد</subfield></datafield><datafield tag="246" ind1="3" ind2=" "><subfield code="a">Celâlî divanı</subfield></datafield><datafield tag="246" ind1="3" ind2=" "><subfield code="i">Title from inscription on front flyleaf (p.1):</subfield><subfield code="a">جلالى ديوانى</subfield></datafield><datafield tag="260" ind1=" " ind2=" "><subfield code="c">[1570-1599?].</subfield></datafield><datafield tag="300" ind1=" " ind2=" "><subfield code="a">23 leaves :</subfield><subfield code="b">paper ;</subfield><subfield code="c">262 x 162 (173 x 88) mm.</subfield></datafield><datafield tag="500" ind1=" " ind2=" "><subfield code="a">Shelfmark: Ann Arbor, University of Michigan, Special Collections Library, Isl. Ms. 405</subfield></datafield><datafield tag="500" ind1=" " ind2=" "><subfield code="a">Origin: Lacks dated colophon ; paper, decoration etc. would suggest late 16th or possibly early 17th century ; dated ownership statement on 'title page' (p.3) provides a terminus ante quem of 1853.</subfield></datafield><datafield tag="500" ind1=" " ind2=" "><subfield code="a">Former shelfmark: "311 T. De M. [i.e. Tammaro De Marinis]" inscribed in pencil on recto of front flyleaf (p.1).</subfield></datafield><datafield tag="500" ind1=" " ind2=" "><subfield code="a">Binding: Pasteboards covered in dark red leather ; Type II binding (with flap) ; doublures in brown leather ; upper and lower covers carry stamped mandorla (filled with vegetal composition, compare Déroche class. NSd 7), pendants and cornerpieces ; sewn in yellow thread, two stations ; worked chevron endbands in pink and yellow, damaged but in fair condition ; overall in somewhat poor condition with abrasion, staining, lifting of leather, etc.</subfield></datafield><datafield tag="500" ind1=" " ind2=" "><subfield code="a">Support: non-European laid paper with 7-8 laid lines per cm. (vertical, fairly indistinct) and no chain lines visible, crisp, well-sized and burnished, dark cream in color ; much repaired.</subfield></datafield><datafield tag="500" ind1=" " ind2=" "><subfield code="a">Decoration: Elegant illuminated headpiece (ʻunwān / sarlawḥ) at opening on p.4, consisting of rectangular piece with gold cartouche (carrying invocation in red "يا قاسم الارزاق بالاستحقاق" ) surrounded by delicate arabesques with floral motifs in gold, lavender, red, turquoise, etc. on a light blue and gold ground, surmounted by a scalloped band of evoking a row of domes filled with same delicate arabesques in gold, pink, lavender, turquoise, red, etc. on grounds of light blue and gold, itself surmounted by vertical stalks (tīgh) in light blue ; another fine illuminated headpiece at opening on p.45 ; written area surrounded by a frame of gold bands defined by black fillets, divisions within (occasionally gold-flecked) defined by narrow gold bands outlined by black fillets ; illuminated tailpiece at close on p.48, consisting of elegant vegetal designs in black and pink with red accents on a gold ground with lapis borders.</subfield></datafield><datafield tag="500" ind1=" " ind2=" "><subfield code="a">Script: Nastaʻlīq ; bold, elegant Ottoman hand ; serifless, with effect of words descending to baseline, closed counters, and elongated horizontal strokes.</subfield></datafield><datafield tag="500" ind1=" " ind2=" "><subfield code="a">Layout: Written in 11 lines per page, with written area mainly divided to two columns ; frame-ruled.</subfield></datafield><datafield tag="500" ind1=" " ind2=" "><subfield code="a">Collation: i, 2 IV(16), III (22), 1 (23), i ; chiefly quaternions ; catchwords present (though occasionally obscured by repairs) ; pagination in pencil, Western numerals, supplied during digitization (includes flyleaves).</subfield></datafield><datafield tag="500" ind1=" " ind2=" "><subfield code="a">Explicit: "كه بحر خاك نيست مظهر كل"</subfield></datafield><datafield tag="500" ind1=" " ind2=" "><subfield code="a">Incipit: "ينه شوقم بلوردى جوشم وار موج دريا كبى خروشم وار ..."</subfield></datafield><datafield tag="500" ind1=" " ind2=" "><subfield code="a">Title from inscription on upper doublure.</subfield></datafield><datafield tag="500" ind1=" " ind2=" "><subfield code="a">Ms. codex.</subfield></datafield><datafield tag="510" ind1="4" ind2=" "><subfield code="a">Cat. Turk. MSS. Brit. Mus.,</subfield><subfield code="c">p.210a ; 242a</subfield></datafield><datafield tag="510" ind1="4" ind2=" "><subfield code="a">Ḥājjī Khalīfah. Kashf al-ẓunūn (Istanbul, 1941),</subfield><subfield code="c">i, 782</subfield></datafield><datafield tag="510" ind1="4" ind2=" "><subfield code="a">Türk dili ve edebiyatı ansiklopedisi (1977),</subfield><subfield code="c">ii, p.26</subfield></datafield><datafield tag="520" ind1="8" ind2=" "><subfield code="a">Elegant copy of the Dīvān (collected poems) of Hüseyin Celâl Bey, known as Celâlî (1517-1571), see Türk dili ve edebiyatı ansiklopedisi (1977), ii, p.26.</subfield></datafield><datafield tag="538" ind1=" " ind2=" "><subfield code="a">Mode of access: Internet.</subfield></datafield><datafield tag="541" ind1=" " ind2=" "><subfield code="c">Purchase ;</subfield><subfield code="a">Acquired by purchase (funds donated by Horace Rackham).</subfield><subfield code="d">1924.</subfield></datafield><datafield tag="546" ind1=" " ind2=" "><subfield code="a">Ottoman Turkish.</subfield></datafield><datafield tag="561" ind1=" " ind2=" "><subfield code="a">Assorted poetic excerpts on upper doublure, 'title page' (p.3), lower doublure, etc. ; possible book price or inventory mark on front flyleaf ; on 'title page' (p.3), ownership statement in name of Derviş Alizade Mustafa ... [?] (درويش على زاده مصطفى ... / Darwīsh ʻAlīʻzādah Muṣṭafá ...) apparently dated 17 Jumādá I 1269 [ca. 26 February 1853].</subfield></datafield><datafield tag="650" ind1=" " ind2="0"><subfield code="a">Manuscripts, Turkish</subfield><subfield code="z">Michigan</subfield><subfield code="z">Ann Arbor.</subfield></datafield><datafield tag="650" ind1=" " ind2="0"><subfield code="a">Turkish poetry</subfield><subfield code="v">Early works to 1800.</subfield></datafield><datafield tag="655" ind1=" " ind2="7"><subfield code="a">Headpieces (layout features)</subfield><subfield code="y">16th century.</subfield><subfield code="2">aat</subfield></datafield><datafield tag="700" ind1="0" ind2=" "><subfield code="a">Abdülhamid</subfield><subfield code="b">II,</subfield><subfield code="c">Sultan of the Turks,</subfield><subfield code="d">1842-1918,</subfield><subfield code="e">former owner.</subfield></datafield><datafield tag="700" ind1="0" ind2=" "><subfield code="6">880-07</subfield><subfield code="a">Derviş Alizade Mustafa,</subfield><subfield code="d">fl. 1853,</subfield><subfield code="e">former owner.</subfield></datafield><datafield tag="773" ind1="0" ind2=" "><subfield code="a">Abdul Hamid Collection.</subfield></datafield><datafield tag="880" ind1="0" ind2=" "><subfield code="6">700-07/</subfield><subfield code="a">درويش على زاده مصطفى,</subfield><subfield code="e">مالك سابق.</subfield></datafield><datafield tag="880" ind1="1" ind2="0"><subfield code="6">245-03/</subfield><subfield code="a">ديوان جلالي,</subfield><subfield code="f">[اواخر القرن 16م؟].</subfield></datafield><datafield tag="880" ind1="0" ind2=" "><subfield code="6">100-01/</subfield><subfield code="a">حسين جلال بك،</subfield><subfield code="c">جلالى.</subfield></datafield><datafield tag="CID" ind1=" " ind2=" "><subfield code="a">006822415</subfield></datafield><datafield tag="DAT" ind1="0" ind2=" "><subfield code="a">20190719102640.0</subfield><subfield code="b">20190719000000.0</subfield></datafield><datafield tag="DAT" ind1="1" ind2=" "><subfield code="a">20190719090653.0</subfield><subfield code="b">2019-07-19T16:12:24Z</subfield></datafield><datafield tag="DAT" ind1="2" ind2=" "><subfield code="a">2015-10-02T18:00:03Z</subfield></datafield><datafield tag="CAT" ind1=" " ind2=" "><subfield code="a">SDR-MIU</subfield><subfield code="d">EX LIBRIS - ALEPH</subfield><subfield code="l">prepare.pl-004-008</subfield></datafield><datafield tag="FMT" ind1=" " ind2=" "><subfield code="a">BK</subfield></datafield><datafield tag="HOL" ind1=" " ind2=" "><subfield code="0">sdr-miu006822415</subfield><subfield code="a">MiU</subfield><subfield code="b">SDR</subfield><subfield code="c">MIU</subfield><subfield code="p">mdp.39015079130723</subfield><subfield code="s">MIU</subfield><subfield code="1">006822415</subfield></datafield><datafield tag="974" ind1=" " ind2=" "><subfield code="b">MIU</subfield><subfield code="c">MIU</subfield><subfield code="d">20190719</subfield><subfield code="s">lit-dlps-dc</subfield><subfield code="u">mdp.39015079130723</subfield><subfield code="y">1599</subfield><subfield code="r">pd</subfield><subfield code="q">bib</subfield><subfield code="t">non-US bib date2 &lt; 1879</subfield></datafield></record></collection>